@PREAMBLE{
 "\providecommand{\noopsort}[1]{}" 
 # "\providecommand{\singleletter}[1]{#1}%" 
}

% Export references in the BibTeX format online:
@MISC{ARXIVEXAMPLE,
      title={Reinforcement Learning: An Introduction.}, 
      author={Richard S. Sutton and Andrew G. Barto},
      year={2018},
      url={http://incompleteideas.net/book/the-book.html}
}